@misc{ binarytree,
author = "{Wikipedia contributors}",
title = "Binary tree --- {Wikipedia}{,} The Free Encyclopedia",
year = "2021",
url = "https://en.wikipedia.org/w/index.php?title=Binary_tree&oldid=1058958651",
}

@misc{ CInWiki_algoritmos,
author = "CInWiki",
title = "Algoritmos e Estruturas de Dados --- CInWiki{,} ",
year = "2017",
url = "https://cin.ufpe.br/~pet/wiki/index.php?title=Algoritmos_e_Estruturas_de_Dados&oldid=1716",
}

@misc{ algoritmo,
author = "Wikipédia",
title = "Algoritmo --- Wikipédia{,} a enciclopédia livre",
year = "2021",
url = "https://pt.wikipedia.org/w/index.php?title=Algoritmo&oldid=62298816",
}

@misc{ estrutura_de_dados,
author = "Wikipédia",
title = "Estrutura de dados --- Wikipédia{,} a enciclopédia livre",
year = "2021",
url = "https://pt.wikipedia.org/w/index.php?title=Estrutura_de_dados&oldid=62320005",
}

@misc{ CInWiki,
author = "CInWiki",
title = "Ciência da Computação --- CInWiki{,} ",
year = "2020",
url = "https://cin.ufpe.br/~pet/wiki/index.php?title=Ci%C3%AAncia_da_Computa%C3%A7%C3%A3o&oldid=1907",
}